<record><leader>00000cas a22000007a 4500</leader><controlfield tag="001">17799786</controlfield><controlfield tag="008">880415c19879999aluir ne      0   a0eng d</controlfield><datafield ind1=" " ind2=" " tag="010"><subfield code="a">sn 88050086 </subfield></datafield><datafield ind1=" " ind2=" " tag="040"><subfield code="a">AAR</subfield><subfield code="b">eng</subfield><subfield code="c">AAR</subfield><subfield code="d">CPN</subfield><subfield code="d">NSD</subfield><subfield code="d">OCLCQ</subfield></datafield><datafield ind1=" " ind2=" " tag="012"><subfield code="k">1</subfield><subfield code="m">p</subfield></datafield><datafield ind1="1" ind2=" " tag="022"><subfield code="a">1044-0380</subfield><subfield code="l">1044-0380</subfield><subfield code="y">0745-7596</subfield><subfield code="2">1</subfield></datafield><datafield ind1=" " ind2=" " tag="032"><subfield code="a">441520</subfield><subfield code="b">USPS</subfield></datafield><datafield ind1=" " ind2=" " tag="037"><subfield code="b">The Prattville Progress, 152 W. 3rd St., Prattville, AL 36067</subfield></datafield><datafield ind1=" " ind2=" " tag="042"><subfield code="a">msc</subfield><subfield code="a">nsdp</subfield></datafield><datafield ind1="0" ind2=" " tag="130"><subfield code="a">Prattville progress (Prattville, Ala. : 1987)</subfield></datafield><datafield ind1=" " ind2="4" tag="222"><subfield code="a">The Prattville progress</subfield><subfield code="b">(Prattville, Ala.)</subfield></datafield><datafield ind1="1" ind2="4" tag="245"><subfield code="a">The Prattville progress.</subfield></datafield><datafield ind1=" " ind2=" " tag="260"><subfield code="a">Prattville, Ala. :</subfield><subfield code="b">James C. Seymour,</subfield><subfield code="c">1987-</subfield></datafield><datafield ind1=" " ind2=" " tag="300"><subfield code="a">v.</subfield></datafield><datafield ind1=" " ind2=" " tag="310"><subfield code="a">Three times a week</subfield></datafield><datafield ind1="0" ind2=" " tag="362"><subfield code="a">Vol. 102, no. 8 (Jan. 20, 1987)-</subfield></datafield><datafield ind1=" " ind2=" " tag="588"><subfield code="a">Latest issue consulted: Vol. 105, no. 153 (Wednesday, Dec. 26, 1990).</subfield></datafield><datafield ind1=" " ind2=" " tag="752"><subfield code="a">United States</subfield><subfield code="b">Alabama</subfield><subfield code="c">Autauga</subfield><subfield code="d">Prattville.</subfield></datafield><datafield ind1="0" ind2="0" tag="780"><subfield code="t">Progress (Prattville, Ala.)</subfield><subfield code="x">0745-7596</subfield><subfield code="w">(DLC)sn 83007623</subfield><subfield code="w">(OCoLC)9428489</subfield></datafield></record>